
@article{lucet2022Integrating,
  keywords={paper},
  author = {Lucet, Valentin and Gonzalez, Andrew},
  journal = {Landscape Ecology (In Press)},
  title = {Integrating land use and climate change models with stakeholder understanding to evaluate habitat connectivity change: a case study in southern Québec},
  year = {2022}
}

%-------------------------------------------------------------------------------

@mastersthesis{lucet2021thesis,
  keywords={thesis},
  title={\href{https://escholarship.mcgill.ca/concern/theses/mw22vb318?locale=en}{Integrating land use and land cover change simulations, stakeholder understanding of the landscape, and connectivity modelling: a case study in the Mont{\'e}r{\'e}gie region in southern Qu{\'e}bec}},
  author={Lucet, Valentin},
  url={https://escholarship.mcgill.ca/concern/theses/mw22vb318?locale=en},
  year={2021},
  school={McGill University}
}

%-------------------------------------------------------------------------------

@proceedings{lucet2021qcbs,
  keywords={presentation},
  author={Lucet, Valentin},
  title={The sspm R package: spatial surplus production models for the management of northern shrimp fisheries},
  year={2021},
  organization={Annual Meeting of the Quebec Center for Biodiversity Science}
}

@proceedings{lucet2020iale,
  keywords={presentation},
  author={Lucet, Valentin},
  title={Integrating land use and land cover change simulations and connectivity modeling: a case study in the Monteregie region in southern Quebec},
  year={2020},
  organization={Annual Meeting of the International Association for Landscape Ecology - North America chapter (IALE-NA)}
}

@proceedings{lucet2020qcbs,
  keywords={presentation},
  author={Lucet, Valentin},
  title={Intégrer des simulations de changements d’utilisation des sols et des modèles de connectivité: un exemple en Montérégie dans le sud du Québec},
  year={2019},
  organization={Annual Meeting of the Quebec Center for Biodiversity Science}
}

@proceedings{lucet2018qcbs,
  keywords={presentation},
  author={Lucet, Valentin},
  title={Differences in habitat use between two parrotfish grazers modulates the resilience of Caribbean coral reefs},
  year={2018},
  organization={Annual Meeting of the Quebec Center for Biodiversity Science}
}

%-------------------------------------------------------------------------------

@techreport{rayfield2021changing,
  keywords={report},
  title={\href{https://quebio.ca/sites/default/files/reports/Modelisation\_connectivite\_btsl\_juillet2021.pdf}{Changing terrestrial habitat connectivity within the St. Lawrence Lowlands under scenarios of climate and landcover change}},
  author={Rayfield, Bronwyn and Larocque, Guillaume and Martins, Kyle T. and Lucet, Valentin Lucet and Daniel, Colin and Gonzalez, Andrew},
  url={https://quebio.ca/sites/default/files/reports/Modelisation\_connectivite\_btsl\_juillet2021.pdf},
  institution={MELCC},
  year={2021}
}

@techreport{rayfield2021annexe,
  keywords={report},
  title={\href{https://quebio.ca/sites/default/files/reports/Modelisation_connectivite_btsl_octobre2021_annexe.pdf}{Annexe--Mod{\'e}lisation de la connectivit{\'e} de l’habitat terrestre dans les Basses-Terres du Saint-Laurent selon diff{\'e}rents sc{\'e}narios de changements climatiques et d’occupation des sols}},
  author={Rayfield, Bronwyn and Larocque, Guillaume and Martins, Kyle T and Lucet, Valentin and Daniel, Colin and Gonzalez, Andrew},
  url={https://quebio.ca/sites/default/files/reports/Modelisation_connectivite_btsl_octobre2021_annexe.pdf},
  institution={MELCC},
  year={2021}
}

@techreport{arkilanian2020review,
  keywords={report},
  title={\href{https://connectiviteecologique.com/sites/default/files/2021-07/Connectivity-Analysis-40-3_Report.pdf}{A review of ecological connectivity analysis in the Region of Resolution 40-3}},
  author={Arkilanian, Alex and Larocque, Guillaume and Lucet, Valentin and Schrock, Deanna and Denépoux, Célia and Gonzalez, Andrew},
  url={https://connectiviteecologique.com/sites/default/files/2021-07/Connectivity-Analysis-40-3_Report.pdf},
  institution={MFFP},
  year={2020}
}
