
@article{kasrinDatasharingMarketsIntegrating2021,
  title = {{{Data-Sharing Markets}} for {{Integrating}} {{IoT}} {{Data Processing Functionalities}}},
  author = {Kasrin (et al.), Nasr},
  year = {2021},
  journal = {CCF Transactions on Pervasive Computing and Interaction},
  issn = {2524-5228},
  doi = {10.1007/s42486-020-00054-y},
  langid = {english}
}

@article{kasrinSemanticDataManagement2018,
  title = {Semantic {{Data Management}} for {{Experimental Manufacturing Technologies}}},
  author = {Kasrin (et al.), Nasr},
  year = {2018},
  journal = {Datenbank-Spektrum},
  doi = {10.1007/s13222-018-0274-0},
  langid = {english},
  keywords = {over-arching},
  file = {C\:\\Users\\nasrk\\Zotero\\storage\\68ZXCJS7\\Kasrin et al. - 2018 - Semantic Data Management for Experimental Manufact.pdf}
}


@inproceedings{ismailFocusedBeliefRevision2010,
  title = {Focused {{Belief Revision}} as a {{Model}} of {{Fallible Relevance-Sensitive Perception}}},
  booktitle = {{{KI}} 2010: {{Advances}} in {{Artificial Intelligence}}},
  author = {Ismail, Haythem O. and Kasrin, Nasr},
  year = {2010},
  doi = {10.1007/978-3-642-16111-7_14},
  isbn = {978-3-642-16111-7},
  langid = {english},
  keywords = {Belief Revision,Belief State,Perception Belief,Perceptual Experience,Relevance Logic},
  file = {C\:\\Users\\nasrk\\Zotero\\storage\\NLTQVYNK\\Ismail and Kasrin - 2010 - Focused Belief Revision as a Model of Fallible Rel.pdf}
}

@incollection{ismailHighlevelPerceptionFocused2010,
  title = {{{High-Level Perception}} as {{Focused Belief Revision}}},
  booktitle = {European Conference on Artificial Intelligence ({{ECAI}})},
  author = {Ismail, Haythem and Kasrin, Nasr},
  year = {2010}
}

