@article{joshi2019framework,
  title     = {A {F}ramework for {R}obotic {C}lothing {A}ssistance by {I}mitation {L}earning},
  author    = {Joshi, Ravi Prakash and Koganti, Nishanth and Shibata, Tomohiro},
  journal   = {Advanced Robotics},
  volume    = {0},
  number    = {0},
  pages     = {1-19},
  year      = {2019},
  publisher = {Taylor \& Francis},
  doi       = {10.1080/01691864.2019.1636715},
  URL       = {https://doi.org/10.1080/01691864.2019.1636715},
  eprint    = {https://doi.org/10.1080/01691864.2019.1636715}
}

@inproceedings{negrete2018mouse,
  title     = {Mouse {A}natomical {C}ardinal {P}lanes and {A}xes {T}owards {A}ugmentation for {B}ehavior {A}nalysis},
  author    = {Negrete, Salvador Blanco and Joshi, Ravi Prakash and Labuguen, Rollyn and Matsumoto, Jumpei and Shibata, Tomohiro},
  booktitle = {Joint 7th International Conference on Informatics, Electronics Vision (ICIEV) and 2nd International Conference on Imaging, Vision Pattern Recognition (icIVPR)},
  year      = {2018},
  pages     = {195-199},
  keywords  = {biomedical optical imaging;bone;data visualisation;image motion analysis;medical image processing;object tracking;public domain software;anatomical axis;anatomical location;behavior analysis;visualization framework;mouse anatomical cardinal planes;open-source platform;3DTracker-FAB;augmentation;mouse anatomical model;body axes;head;neck;trunk;hip;nose;Mice;Three-dimensional displays;Mathematical model;Solid modeling;Hip;Computational modeling;Anatomical axis;cardinal planes;mouse behavior analysis},
  doi       = {10.1109/ICIEV.2018.8641000},
  month     = {6},
  location  = {Kitakyushu, Japan}
}

@inproceedings{saxena2017study,
  title     = {A {S}tudy on {H}uman-{R}obot {C}ollaboration for {T}able-setting {T}ask},
  author    = {Saxena, Krati and Labuguen, Rollyn and Joshi, Ravi Prakash and Koganti, Nishanth and Shibata Tomohiro},
  booktitle = {IEEE International Conference on Robotics and Biomimetics (ROBIO)},
  year      = {2017},
  pages     = {183-188},
  keywords  = {human-robot interaction;image motion analysis;interactive devices;manipulators;object detection;robot vision;service robots;textiles;human-robot collaboration;table-setting task;robot technology;day-to-day chores;cloth articles;Baxter robot;cloth corners;human-robot interaction;robot arms;Kinect sensor;deformable objects manipulation;Task analysis;Robot sensing systems;Image edge detection;Collaboration;Image color analysis;Feature extraction;Human-Robot interaction;cloth state recognition;cooperative manipulation;service robots},
  doi       = {10.1109/ROBIO.2017.8324415},
  location  = {Macau, China},
  month     = {12}
}

@inproceedings{joshi2017estimating,
  title     = {Estimating 3{D} {H}and {L}ocation for {C}lothing {A}ssistance {I}nitialization {U}sing {D}ynamic {M}ovement {P}rimitives},
  author    = {Joshi, Ravi Prakash and Perathara, Rithul and Labuguen, Rolyn and Koganti, Nishanth and Shibata, Tomohiro},
  booktitle = {Proceedings of the 35th Annual Conference of Robotics Society of Japan},
  year      = {2017},
  location  = {Kawagoe, Japan},
  url       = {http://rsj2017.rsj-web.org/RSJ2017_pg02.pdf}
}

@inproceedings{joshi2017robotic,
  title     = {Robotic cloth manipulation for {C}lothing {A}ssistance task using {D}ynamic {M}ovement {P}rimitives},
  author    = {Joshi, Ravi Prakash and Koganti, Nishanth and Shibata, Tomohiro},
  booktitle = {Proceedings of the Conference on Advances in Robotics},
  series    = {AIR '17},
  year      = {2017},
  isbn      = {978-1-4503-5294-9},
  location  = {New Delhi, India},
  pages     = {14:1--14:6},
  articleno = {14},
  numpages  = {6},
  doi       = {10.1145/3132446.3134878},
  acmid     = {3134878},
  publisher = {ACM},
  address   = {New York, NY, USA},
  keywords  = {Dynamic Movement Primitives (DMP), Human-Robot Interaction, Learning and Adaptive Systems, Learning from Demonstration, Robotic Clothing Assistance},
}

@article{boby2017calibration,
  title     = {Calibration and statistical techniques for building an interactive screen for learning of alphabets by children},
  author    = {Boby, Riby Abraham and Joshi, Ravi Prakash and Saha, Subir Kumar and Matsumaru, Takafumi and Sharma, Pratyusha and Jaitly, Siddhartha},
  journal   = {International Journal of Advanced Robotic Systems},
  volume    = {14},
  number    = {3},
  pages     = {1729881417703939},
  year      = {2017},
  doi       = {10.1177/1729881417703939},
  publisher = {SAGE Publications London, UK},
  url       = {https://doi.org/10.1177/1729881417703939}
}

@article{othayoth2017robot,
  title     = {Robot kinematics made easy using {R}oboAnalyzer software},
  author    = {Othayoth, Ratan S. and Chittawadigi, Rajeevlochana G. and Joshi, Ravi P. and Saha, Subir K.},
  journal   = {Computer Applications in Engineering Education},
  volume    = {25},
  number    = {5},
  pages     = {669-680},
  keywords  = {education, robot kinematics, robotics, simulation, visualization},
  doi       = {10.1002/cae.21828},
  url       = {https://onlinelibrary.wiley.com/doi/pdf/10.1002/cae.21828},
  publisher = {Wiley Online Library},
  year      = {2017}
}

@inproceedings{sadanand2016virtual,
  title     = {Virtual {E}xperiments for {I}ntegrated {T}eaching and {L}earning of {R}obot {M}echanics {U}sing {R}obo{A}nalyzer},
  author    = {Sadanand, Ratan and Joshi, Ravi P. and Chittawadigi, Rajeevlochana G. and Saha, Subir Kumar},
  booktitle = {28th International Conference on CAD/CAM, Robotics and Factories of the Future},
  pages     = {59--68},
  year      = {2016},
  publisher = {Springer},
  location  = {Kolaghat, India},
  isbn      = {978-81-322-2740-3}
}

@inproceedings{gaurav2016extremity,
  title        = {Extremity {D}etection from a {P}ile of {G}arments using {B}ayesian {GPLVM}},
  author       = {Gaurav, Vishal and Koganti, Nishanth and Nakata, Riku and Joshi, Ravi Prakash and Shibata, Tom},
  booktitle    = {Workshop on Assistive and Service Robotics in a Human Envionment, Intelligent Robots and Systems (IROS), IEEE/RSJ International Conference on},
  pages        = {1--6},
  year         = {2016},
  organization = {IEEE},
  location     = {Daejeon, Korea},
  url          = {https://research02.jimu.kyutech.ac.jp/html/100000703_knkyu_prsn_en.html}
}

@inproceedings{gaurav2016cloth,
  title        = {Cloth {E}xtremity {D}etection from a {C}lutter of {C}lothes using {B}ayesian {GP-LVM}},
  author       = {Gaurav, Vishal and Koganti, Nishanth and Nakata, Riku and Joshi, Ravi Prakash and Shibata, Tom},
  booktitle    = {International session on Robotics, Mechatronics and Control, Robotics Society of Japan},
  year         = {2016},
  organization = {IEEE},
  location     = {Kojirakawa, Japan},
  url          = {http://rsj2016.rsj-web.org/data/RSJ2016_pg.pdf}
}

@inproceedings{udai2016force,
  title     = {Force {C}ontrol of {R}obot {M}anipulator using {I}ndustrial {S}ervo {D}rives},
  author    = {Udai, Arun Dayal and Saha, Subir Kumar and Joshi, Ravi Prakash and Sadanand, Rattan},
  booktitle = {International Conference on Evolution in Manufacturing ({ICEM})},
  month     = {11},
  year      = {2016},
  pages     = {313--318},
  isbn      = {978-93-86256-11-9},
  location  = {Ranchi, India}
}

@inproceedings{sadanand2015virtual,
  title     = {Virtual {R}obots {M}odule: {A}n {E}ffective {V}isualization {T}ool for {R}obotics {T}oolbox},
  author    = {Sadanand, Ratan and Chittawadigi, Rajeevlochana G. and Joshi, Ravi P. and Saha, Subir Kumar},
  booktitle = {Proceedings of the Conference on Advances In Robotics},
  series    = {AIR '15},
  year      = {2015},
  isbn      = {978-1-4503-3356-6},
  location  = {Goa, India},
  pages     = {26:1--26:6},
  articleno = {26},
  numpages  = {6},
  doi       = {10.1145/2783449.2783475},
  acmid     = {2783475},
  publisher = {ACM},
  address   = {New York, NY, USA},
  keywords  = {robot simulation, robot visualization, robotics toolbox},
}

@inproceedings{joshi2015sakshar,
  title        = {{SAKSHAR}: {A}n {I}mage-projective {D}esktop {V}arnamala {T}rainer ({IDVT}) for {I}nteractive {L}earning of {A}lphabets},
  author       = {Joshi, Ravi Prakash and Boby, Riby Abraham and Saha, Subir Kumar and Matsumaru, Takafumi},
  booktitle    = {Developing Countries Forum, Robotics and Automation (ICRA), IEEE International Conference on},
  year         = {2015},
  url          = {http://icra2015.org/conference/forums/11-conference/37-developing-countries-forum},
  organization = {IEEE},
  location     = {Washington, USA}
}

@inproceedings{udai2015depth,
  title        = {Depth-based {L}ocalization for {R}obotic {P}eg-in-{T}ube {A}ssembly},
  author       = {Udai, Arun Dayal and Joshi, Ravi Prakash and Saha, Subir Kumar},
  booktitle    = {IEEE/RSJ International Conference on Intelligent Robots and Systems (IROS)},
  year         = {2015},
  pages        = {3538-3543},
  keywords     = {robotic assembly;spatial variables measurement;depth-based localization;robotic peg-in-tube assembly;industrial assembly;pegin-hole;peg-in-tube task;geometrical analysis;peg-in-tube assembly process;depth measurement;peg center;KUKA KR5 Arc industrial robot;chamferless cylindrical peg;Electron tubes;Service robots;Assembly;Yttrium;Face;Algorithm design and analysis},
  doi          = {10.1109/IROS.2015.7353871},
  month        = {9},
  organization = {IEEE},
  location     = {Hamburg, Germany}
}

@inproceedings{sharma2015projectable,
  title        = {Projectable {I}nteractive {S}urface {U}sing {M}icrosoft {K}inect {V}2: {R}ecovering {I}nformation from {C}oarse {D}ata to {D}etect {T}ouch},
  author       = {Sharma, Pratyusha and Joshi, Ravi Prakash and Boby, Riby Abraham and Saha, Subir Kumar and Matsumaru, Takafumi},
  booktitle    = {IEEE/SICE International Symposium on System Integration (SII)},
  year         = {2015},
  pages        = {795-800},
  keywords     = {computer based training;computer displays;image sensors;projectable interactive surface;Microsoft Kinect;information recovery;image-projective desktop varnamala trainer;SAKSHAR IDVT;interactive audio visual feedback system;virtual display;interactive displays;curve fitting;touch detection;Calibration;Robot sensing systems;Three-dimensional displays;Surface fitting;Education;Cameras;Fitting},
  doi          = {10.1109/SII.2015.7405081},
  month        = {12},
  organization = {IEEE},
  location     = {Nagoya, Japan}
}

@inproceedings{joshi2014sakshar,
  title     = {{SAKSHAR}: {A}n {I}mage-projective {D}esktop {V}arnamala {T}rainer ({IDVT}) for {I}nteractive {L}earning of {A}lphabets},
  author    = {Joshi, Ravi Prakash and Boby, Riby Abraham and Saha, Subir Kumar and Matsumaru, Takafumi},
  booktitle = {8th International collaboration Symposium on Information, Production and Systems (ISIPS)},
  url       = {http://www.waseda.jp/assoc-ics/2014/program.html},
  year      = {2014},
  location  = {Kitakyushu, Japan}
}
